@inbook{noisy,
    title     = {The zero-error capacity of a noisy channel},
    author    = {C. E. SHANNON},
    year      = {1956},
    publisher = {IRE Trans. Information Theory},
    pages     = {3--15},
    volume    = {3}
}
@article{graph,
  title={On the Shannon capacity of a graph},
  author={LOV{\'A}SZ, L.},
  journal={IEEE Trans. Information theory},
  volume={25},
  number={1},
  pages={1--7},
  year={1979},
  publisher={IEEE}
}
@article{methods,
  title={Eigenvalue methods},
  author={W. HAEMERS},
  journal={Packing and covering in combinatorics (A. Schrijver ed.), Math. Centre Tract},
  volume={106},
  pages={15--38},
  year={1979}
}
@book{linear,
    title     = {Linear Programming},
    author    = {CHV√ÅTAL, V.},
    year      = {1983},
    publisher = {Freeman, New York},
    keywords  = {linear}
}
